@misc{blackshear2022borrow,
  title         = {The Move Borrow Checker},
  author        = {Sam Blackshear and John Mitchell and Todd Nowacki and Shaz Qadeer},
  year          = {2022},
  eprint        = {2205.05181},
  archiveprefix = {arXiv},
  primaryclass  = {cs.PL}
}
