@misc{blackshear2022borrow,
  title         = {The Move Borrow Checker},
  author        = {Sam Blackshear and John Mitchell and Todd Nowacki and Shaz Qadeer},
  year          = {2022},
  eprint        = {2205.05181},
  archiveprefix = {arXiv},
  primaryclass  = {cs.PL}
}

@inproceedings{Atzei2017ASO,
  title     = {A Survey of Attacks on Ethereum Smart Contracts (SoK)},
  author    = {Nicola Atzei and Massimo Bartoletti and Tiziana Cimoli},
  booktitle = {The post},
  year      = {2017},
  url       = {https://api.semanticscholar.org/CorpusID:15494854}
}

@inproceedings{Blackshear2019MoveAL,
  title  = {Move: A Language With Programmable Resources},
  author = {Sam Blackshear and Evan Cheng and David L. Dill and Victor Gao and Ben Maurer and Todd Nowacki and Alistair Pott and Shaz Qadeer and Dario Russi and Stephane Sezer and Timothy A. K. Zakian and Runtian Zhou},
  year   = {2019},
  url    = {https://api.semanticscholar.org/CorpusID:201681125}
}

@article{cnbc2023,
  title        = {{Crypto investors lost nearly \$4 billion to hackers in 2022}},
  author       = {Cheyenne DeVon},
  url          = {https://www.cnbc.com/2023/02/04/crypto-investors-lost-nearly-4-billion-dollars-to-hackers-in-2022.html},
  howpublished = {\url{https://www.cnbc.com/2023/02/04/crypto-investors-lost-nearly-4-billion-dollars-to-hackers-in-2022.html}},
  journal      = {CNBC},
  year         = {2023}
}
